% Encoding: UTF-8

@book{adams1995douglas,
  title={Douglas Adams Trilogy/Hitchhiker's Guide to Galaxy/Restaurant at the End of the Universe/Life, the Universe and Everything},
  author={Adams, D.},
  isbn={9780345397041},
  url={https://books.google.de/books?id=bMWkPQAACAAJ},
  year={1995},
  publisher={Random House Incorporated}
}


@Article{Roderick1992,
  author = 	 {Roderick, M.L.},
  title = 	 {Methods for calculating solar position and day length including computer programs and subroutines},
  journal = 	 {Resource Management Technical Reports},
  year = 	 {1992},
  url = {https://researchlibrary.agric.wa.gov.au/cgi/viewcontent.cgi?article=1122&context=rmtr},
  note = {Zugriff: 17.10.2019}
}

@Article{Rizek2008,
  author = 	 {J., Rizek and Y., Chaiko},
  title = 	 {Solar Tracking System: More Efficient Use of Solar Panels},
  journal = 	 {World Academy of Science, Engineering and Technology},
  year = 	 {2008},
  volume = 	 {41},
  url = {http://www.mugla.edu.tr/data/03060010/belgeler/solar\%20tracking.pdf},
  note = {Zugriff: 17.10.2019}
}

@misc{Anon1984,
  author = 	 {Anon.},
  title = 	 {The Astronomical Almanac},
  journal = 	 {US Government Printing Office and Her Majestyâ€™s Stationery Office},
}